@article{grippo1997globally,
  title={A globally convergent version of the Polak-Ribiere conjugate gradient method},
  author={Grippo, Luigi and Lucidi, Stefano},
  journal={Mathematical Programming},
  volume={78},
  number={3},
  pages={375--391},
  year={1997},
  publisher={Springer}
}
@article{buscema1998back,
  title={Back propagation neural networks},
  author={Buscema, Massimo},
  journal={Substance use \& misuse},
  volume={33},
  number={2},
  pages={233--270},
  year={1998},
  publisher={Informa UK Ltd UK}
}
@article{dennis1977quasi,
  title={Quasi-Newton methods, motivation and theory},
  author={Dennis, Jr, John E and Mor{\'e}, Jorge J},
  journal={SIAM review},
  volume={19},
  number={1},
  pages={46--89},
  year={1977},
  publisher={SIAM}
}

@article{wei2000new,
  title={New step-size rules for optimization problems},
  author={Wei, Zengxin and Qi, L and Ito, S},
  journal={Department of Mathematics and Information Science, Guangxi University, Nanning, Guangxi, People's Republic of China},
  year={2000}
}
@misc{website:dataeverywhere,
      title = "Data, data everywhere",
      year = "2010",
      howpublished = {\url{http://www.economist.com/node/15557443}},
	  note = {Accessed 08-05-2015}
},
@book{Rumelhart:ExploMicroStructure,
 editor = {Rumelhart, David E. and McClelland, James L. and PDP Research Group, CORPORATE},
 title = {Parallel Distributed Processing: Explorations in the Microstructure of Cognition, Vol. 1: Foundations},
 year = {1986},
 publisher = {MIT Press},
 address = {Cambridge, MA, USA}
} 

@incollection{NIPS2008_3449,
title = {Offline Handwriting Recognition with Multidimensional Recurrent Neural Networks},
author = {Graves, Alex and Schmidhuber, J\"{u}rgen},
booktitle = {Advances in Neural Information Processing Systems 21},
editor = {D. Koller and D. Schuurmans and Y. Bengio and L. Bottou},
pages = {545--552},
year = {2009},
publisher = {Curran Associates, Inc.}
}
@article{NovelConnectionist,
author = {Alex Graves and Marcus Liwicki and Santiago Fernandez and Roman Bertolami and Horst Bunke and Jurgen Schmidhuber},
title = {A Novel Connectionist System for Unconstrained Handwriting Recognition},
journal ={IEEE Transactions on Pattern Analysis and Machine Intelligence},
volume = {31},
number = {5},
issn = {0162-8828},
year = {2009},
pages = {855-868},
doi = {http://doi.ieeecomputersociety.org/10.1109/TPAMI.2008.137},
publisher = {IEEE Computer Society},
address = {Los Alamitos, CA, USA},
}
@misc{Kurzweilinterview,
  title = {Kurzweil {AI} Interview with {Jürgen Schmidhuber} on the eight competitions won by his {Deep Learning} team},
  year ={2009--2012},
  howpublished = {\url{ http://www.kurzweilai.net/how-bio-inspired-deep-learning-keeps-winning-competitions}},
  note = {Accessed: 08-05-2015}
}
@Article{Kussul_improvedmethod,
author = {Ernst Kussul and Tatyana Baidyk},
title = {Improved Method of Handwritten Digit Recognition},
journal = {Image and Vision Computing 22},
year = {2004},
OPTkey = {},
OPTvolume = {},
OPTnumber = {},
OPTpages = {971–-981},
OPTmonth = {},
OPTnote = {},
OPTannote = {}
}
@Article{FastKNNClusterBasedTrees,
author = {Bin Zhang and Sargur N. Srihari},
title = {Fast k -Nearest Neighbor Classification Using Cluster-Based Trees},
journal = {IEEE Transactions on Pattern Analysis and Machine Intelligence},
year = {2004},
OPTkey = {},
OPTvolume = {26},
OPTnumber = {4},
OPTpages = {525–-528},
OPTmonth = {},
OPTnote = {},
OPTannote = {}
}
@MISC{MNISTHandWritten,
    author = {Yann LeCun and Corinna Cortes and Chris Burges},
    title = {MNIST handwritten digit database},
    howpublished = {\url{http://yann.lecun.com/exdb/mnist/}},
    note = {Accessed: 08-05-2015},
    year = {}
}
@Article{SVMSpeedPatternReg,
	author = {Corinna Cortes and Vladimir Vapnik},
	title = {Support vector machines speed pattern recognition },
	journal = {Machine Learning},
	publisher={Springer},
	year = {1995},
	OPTkey = {},
	OPTvolume = {9},
	OPTnumber = {9},
	OPTpages = {},
	OPTmonth = {},
	OPTnote = {},
	OPTannote = {}
}
@INPROCEEDINGS{usinganalytic,
    author = {John C. Platt},
    title = {Using Analytic QP and Sparseness to Speed Training of Support Vector Machines},
    booktitle = {IN NEURAL INFORMATION PROCESSING SYSTEMS 11},
    year = {1999},
    pages = {557--563},
    publisher = {MIT Press}
}
@INPROCEEDINGS{Lecun98gradient-basedlearning,
    author = {Yann Lecun and Léon Bottou and Yoshua Bengio and Patrick Haffner},
    title = {Gradient-based learning applied to document recognition},
    booktitle = {Proceedings of the IEEE},
    year = {1998},
    pages = {2278--2324}
}
@inproceedings{MultiColummn,
 	author = {Dan Ciresan and Ueli Meier and Jürgen Schmidhuber},
 	title = {Multi-column Deep Neural Networks for Image Classification},
 	booktitle = {Proceedings of the 2012 IEEE Conference on Computer Vision and Pattern Recognition (CVPR)},
 	series = {CVPR '12},
 	year = {2012},
 	isbn = {978-1-4673-1226-4},
 	pages = {3642--3649},
 	numpages = {8},
 	publisher = {IEEE Computer Society},
 	address = {Washington, DC, USA}
} 
@Article{IGotMoreData,
author = {Meng Xiao-Li and Xianchao Xie},
title = {I got more data, my model is more refined, but my estimator is getting worse! Am I just dumb?.},
year = {2014},
howpublished = {\url{ http://dash.harvard.edu/handle/1/10886849}},
OPTkey = {},
OPTvolume = {},
OPTnumber = {},
OPTpages = {},
OPTmonth = {},
OPTnote = {},
OPTannote = {}
}
@InBook{WhenItSeem,
Author = {Herman Chernoff},
title = {When it Seems Desirable to Ignore Data.},
year = {1982}
}

@book{IntroMachine,
    author = {Smola, Alexander Johannes and Vishwanathan, S.V.N.},
    title = {Introduction to Machine Learning},
    publisher = {Cambridge University Press},
    year = {2008}
}
@book{FundermentalANN,
    author = {Hassoun, Mohamad H.},
    title = {Fundamentals of artificial neural networks},
    year = {1995},
    publisher = {MIT Press}
}
@techreport{perceptron,
	Author = {Rosenblatt, Frank},
	Institution = {Cornell Aeronautical Laboratory},
	Number = {85-460-1},
	Title = {The Perceptron--a perceiving and recognizing automaton},
	Year = {1957}
}	
@article{fukushima:neocognitronbcCNN,
  author = {Fukushima Kunihiko},
  journal = {Biological Cybernetics},
  pages = {193--202},
  priority = {2},
  title = {Neocognitron: A Self-Organizing Neural Network Model for a Mechanism of Pattern Recognition Unaffected by Shift in Position},
  volume = {36},
  year = {1980}
}
@ARTICLE{Aizenberg07multilayerfeedforward,
    author = {Igor Aizenberg and Claudio Moraga},
    title = { Multilayer feedforward neural network based on multi-valued neurons (MLMVN) and a backpropagation learning algorithm},
    journal = {SOFT COMPUTING},
    year = {2007},
    volume = {11},
    number = {2},
    pages = {2007}
}
@article{Polak1969,
author = {Elijah Polak and Ribiere G},
journal = {ESAIM: Mathematical Modelling and Numerical Analysis - Modelisation Mathematique et Analyse Numerique},
number = {R1},
pages = {35-43},
publisher = {EDP Sciences},
title = {Note sur la convergence de {methodes} de directions {conjuguees}},
volume = {3},
year = {1969},
}
@article{ZhangANNForecast,
  author = {Guoqiang Zhang and Butje {Eddy Patuwo} and Y. Micheal, Hu},
  day = 01,
  journal = {International Journal of Forecasting},
  keywords = {Neural networks},
  month = Mar,
  number = 1,
  pages = {35--62},
  title = {Forecasting with artificial neural networks:: The state of the art},
  volume = 14,
  year = 1998
}
@misc{pittman2008handwriting,
  title = {Handwriting recognition using neural networks},
  author = {James A. Pittman and Mitica Manu},
  year = {2008},
  month={Sep 23}
}
@incollection{surfaceHechtNielsenTheoryBNN,
 author = {Hecht-Nielsen, Robert},
 chapter = {Theory of the Backpropagation Neural Network},
 title = {Neural Networks for Perception (Vol. 2)},
 year = {1992},
 isbn = {0-12-741252-2},
 pages = {65--93},
 numpages = {29},
 acmid = {140643},
 publisher = {Harcourt Brace \& Co.},
 address = {Orlando, FL, USA}
} 


@article{Geman:1992:NNBBiasDilemma,
 author = {Geman, Stuart and Bienenstock, Elie and Doursat, Ren{\'e}},
 title = {Neural Networks and the Bias/Variance Dilemma},
 journal = {Neural Comput.},
 issue_date = {Jan. 1992},
 volume = {4},
 number = {1},
 month = jan,
 year = {1992},
 issn = {0899--7667},
 pages = {1--58},
 numpages = {58},
 acmid = {148062},
 publisher = {MIT Press},
 address = {Cambridge, MA, USA}
} 


@incollection{BiasVarianceDecomposition,
  booktitle = {Encyclopedia of Machine Learning},
  editor = {Sammut, Claude and Webb, Geoffrey I.},
  isbn = {978-0-387-30768-8},
  pages = {100-101},
  publisher = {Springer},
  title = {Bias Variance Decomposition.},
  year = {2010}
}

@article{Leonard1990337ImproveBPNN,
title = "Improvement of the backpropagation algorithm for training neural networks ",
journal = {Computers I\& Chemical Engineering},
volume = "14",
number = "3",
pages = "337 - 341",
year = "1990",
note = "",
issn = "0098-1354",
author = {"J. Leonard and M.A. Kramer"}
}
@article{Magoulas:1999:ImproveConvergenceBP,
 author = {Magoulas, G. D. and Vrahatis, M. N. and Androulakis, G. S.},
 title = {Improving the Convergence of the Backpropagation Algorithm Using Learning Rate Adaptation Methods},
 journal = {Neural Comput.},
 issue_date = {Oct. 1, 1999},
 volume = {11},
 number = {7},
 month = oct,
 year = {1999},
 issn = {0899-7667},
 pages = {1769--1796},
 numpages = {28},
 acmid = {334384},
 publisher = {MIT Press},
 address = {Cambridge, MA, USA}
} 

@INPROCEEDINGS{Riedmiller93adirect,
    author = {Martin Riedmiller and Heinrich Braun},
    title = {A Direct Adaptive Method for Faster Backpropagation Learning: The RPROP Algorithm},
    booktitle = {IEEE INTERNATIONAL CONFERENCE ON NEURAL NETWORKS},
    year = {1993},
    pages = {586--591},
    publisher = {}
}
@article{CybenkoApproxSidmoid,
  author = {Cybenko, G.},
  day = 1,
  issn = {0932-4194},
  journal = {Mathematics of Control, Signals, and Systems (MCSS)},
  month = dec,
  number = 4,
  pages = {303--314},
  posted-at = {2012-02-28 13:17:08},
  priority = {2},
  publisher = {Springer London},
  title = {{Approximation by superpositions of a sigmoidal function}},
  volume = 2,
  year = {1989}
}
@article{hubel:monkey,
  author = {Hubel, David H. and Wiesel, Torsten N.},
  journal = {Journal of Physiology (London)},
  pages = {215--243},
  priority = {2},
  title = {Receptive Fields and Functional Architecture of Monkey Striate Cortex},
  volume = 195,
  year = 1968
}



@article{Meng94,
    author = {Meng, X. L.},
    journal = {Statistical Science},
    pages = {538--558},
    priority = {2},
    title = {{Multiple-imputation inferences with uncongenial sources of input}},
    volume = {9},
    year = {1994}
}
@article{Hornik_Universal_appro,
 author = {Hornik, Kurt and Stinchcombe, Maxwell and White, Halbert},
 title = {Universal Approximation of an Unknown Mapping and Its Derivatives Using Multilayer Feedforward Networks},
 journal = {Neural Netw.},
 issue_date = {1990},
 volume = {3},
 number = {5},
 month = oct,
 year = {1990},
 issn = {0893-6080},
 pages = {551--560},
 numpages = {10},
 acmid = {91298},
 publisher = {Elsevier Science Ltd.},
 address = {Oxford, UK, UK}
} 
